<record><leader>00000cas a22000007a 4500</leader><controlfield tag="001">19822907</controlfield><controlfield tag="008">890606d18661869mouwr ne      0   a0eng d</controlfield><datafield ind1=" " ind2=" " tag="010"><subfield code="a">sn 89066163 </subfield></datafield><datafield ind1=" " ind2=" " tag="040"><subfield code="a">MQN</subfield><subfield code="b">eng</subfield><subfield code="c">MQN</subfield><subfield code="d">OCLCQ</subfield><subfield code="d">DLC</subfield><subfield code="d">MXM</subfield><subfield code="d">DLC</subfield><subfield code="d">OCLCQ</subfield><subfield code="d">DLC</subfield><subfield code="d">OCLCF</subfield></datafield><datafield ind1="0" ind2=" " tag="022"><subfield code="a">2326-8360</subfield><subfield code="2">1</subfield></datafield><datafield ind1="1" ind2=" " tag="029"><subfield code="a">AU@</subfield><subfield code="b">000020562063</subfield></datafield><datafield ind1=" " ind2=" " tag="042"><subfield code="a">msc</subfield><subfield code="a">nsdp</subfield></datafield><datafield ind1=" " ind2=" " tag="043"><subfield code="a">n-us-mo</subfield></datafield><datafield ind1="0" ind2="0" tag="050"><subfield code="a">Newspaper</subfield></datafield><datafield ind1="0" ind2="0" tag="082"><subfield code="a">071</subfield><subfield code="2">23</subfield></datafield><datafield ind1="0" ind2=" " tag="130"><subfield code="a">Glasgow weekly times (Glasgow, Mo. : 1866)</subfield></datafield><datafield ind1=" " ind2="0" tag="222"><subfield code="a">Glasgow weekly times</subfield><subfield code="b">(Glasgow, Mo. 1866. Print)</subfield></datafield><datafield ind1="1" ind2="0" tag="245"><subfield code="a">Glasgow weekly times.</subfield></datafield><datafield ind1="3" ind2="0" tag="246"><subfield code="a">Glasgow times</subfield></datafield><datafield ind1=" " ind2=" " tag="260"><subfield code="a">Glasgow, Howard County, Mo. :</subfield><subfield code="b">[Wm. A. Thompson]</subfield></datafield><datafield ind1=" " ind2=" " tag="300"><subfield code="a">v.</subfield></datafield><datafield ind1=" " ind2=" " tag="310"><subfield code="a">Weekly</subfield></datafield><datafield ind1="1" ind2=" " tag="362"><subfield code="a">Began in 1866? Ceased in 1869?</subfield></datafield><datafield ind1=" " ind2=" " tag="500"><subfield code="a">Published as: Glasgow times, &lt;Oct. 1, 1869&gt;.</subfield></datafield><datafield ind1=" " ind2=" " tag="530"><subfield code="a">Archived issues are available in digital format as part of the Library of Congress Chronicling America online collection.</subfield></datafield><datafield ind1=" " ind2=" " tag="588"><subfield code="a">Description based on: New ser., vol. 2, no. 9 (Aug. 24, 1866) = Whole no. 61.</subfield></datafield><datafield ind1=" " ind2="0" tag="651"><subfield code="a">Glasgow (Mo.)</subfield><subfield code="v">Newspapers.</subfield></datafield><datafield ind1=" " ind2="0" tag="651"><subfield code="a">Howard County (Mo.)</subfield><subfield code="v">Newspapers.</subfield></datafield><datafield ind1=" " ind2="7" tag="655"><subfield code="a">Newspapers.</subfield><subfield code="2">fast</subfield><subfield code="0">(OCoLC)fst01423814</subfield></datafield><datafield ind1=" " ind2="7" tag="651"><subfield code="a">Missouri</subfield><subfield code="z">Glasgow.</subfield><subfield code="2">fast</subfield><subfield code="0">(OCoLC)fst01207369</subfield></datafield><datafield ind1=" " ind2="7" tag="651"><subfield code="a">Missouri</subfield><subfield code="z">Howard County.</subfield><subfield code="2">fast</subfield><subfield code="0">(OCoLC)fst01221565</subfield></datafield><datafield ind1=" " ind2=" " tag="752"><subfield code="a">United States</subfield><subfield code="b">Missouri</subfield><subfield code="c">Howard</subfield><subfield code="d">Glasgow.</subfield></datafield><datafield ind1="1" ind2=" " tag="776"><subfield code="t">Glasgow weekly times (Glasgow, Mo. : 1866 : Online)</subfield><subfield code="x">2326-8379</subfield><subfield code="w">(DLC)  2013218573</subfield><subfield code="w">(OCoLC)828190801</subfield></datafield><datafield ind1="0" ind2="0" tag="780"><subfield code="t">Howard union</subfield><subfield code="x">2326-8328</subfield><subfield code="w">(DLC)sn 89066162</subfield><subfield code="w">(OCoLC)19822897</subfield></datafield><datafield ind1="4" ind2="1" tag="856"><subfield code="u">http://www.loc.gov/chroniclingamerica/lccn/sn89066163/issues</subfield></datafield></record>